<record><leader>00000cas a22000007a 4500</leader><controlfield tag="001">22237218</controlfield><controlfield tag="008">900817d189u190umducr ne      0    0eng d</controlfield><datafield ind1=" " ind2=" " tag="010"><subfield code="a">sn 90057213 </subfield></datafield><datafield ind1=" " ind2=" " tag="040"><subfield code="a">MFN</subfield><subfield code="b">eng</subfield><subfield code="c">MFN</subfield><subfield code="d">OCLCQ</subfield></datafield><datafield ind1=" " ind2=" " tag="042"><subfield code="a">msc</subfield></datafield><datafield ind1="0" ind2="4" tag="245"><subfield code="a">The Twice-a-week Cumberland Alleganian.</subfield></datafield><datafield ind1="1" ind2="3" tag="246"><subfield code="a">Cumberland Alleganian</subfield></datafield><datafield ind1=" " ind2=" " tag="260"><subfield code="a">Cumberland, Md. :</subfield><subfield code="b">Jno. W. Avirett</subfield></datafield><datafield ind1=" " ind2=" " tag="300"><subfield code="a">v.</subfield></datafield><datafield ind1=" " ind2=" " tag="310"><subfield code="a">Semiweekly</subfield></datafield><datafield ind1=" " ind2=" " tag="588"><subfield code="a">Description based on: [vol. 79, no. 98] (July 6, 1899).</subfield></datafield><datafield ind1=" " ind2=" " tag="752"><subfield code="a">United States</subfield><subfield code="b">Maryland</subfield><subfield code="c">Allegany</subfield><subfield code="d">Cumberland.</subfield></datafield><datafield ind1="0" ind2=" " tag="775"><subfield code="t">Evening times (Cumberland, Md.)</subfield><subfield code="w">(DLC)sn 88065713</subfield></datafield><datafield ind1="0" ind2="0" tag="780"><subfield code="t">Cumberland Alleganian (Cumberland, Md. : 1879)</subfield><subfield code="w">(DLC)sn 88065704</subfield></datafield><datafield ind1="0" ind2="0" tag="785"><subfield code="t">Cumberland Alleganian (Cumberland, Md. : 1902)</subfield><subfield code="w">(DLC)sn 90057228</subfield></datafield></record>